2117 3967
775 214 626 208 Vorrede.
1448 283 186 119 *

281 482 323 140 ſanter,
618 479 111 84 die
779 444 332 137 beſondre
1150 418 419 214 Geſchichte
1584 406 130 192 des
1750 468 272 140 Men⸗

283 636 273 153 ſchen,
560 667 145 138 des
739 652 474 118 Elephanten,
1271 617 121 123 der
1420 595 344 203 Polhpen
1779 645 28 118 x‚
1859 619 106 179 di

280 784 440 222 Oekononie
764 844 187 127 eines
987 796 527 188 Bienenſtocks
1530 818 90 103 u.
1660 830 53 113 ſ.
1743 854 108 69 w.
1864 785 101 172 zu

273 982 281 189 wiſſn,
633 988 133 149 als
833 987 121 166 ſich
1013 1013 132 97 mit
1192 997 162 108 den
1345 968 424 178 obſtracten
1814 1018 162 143 Leh⸗

282 1232 127 71 ren
450 1216 165 86 von
687 1206 173 88 den
904 1180 453 171 allgemeinen
1413 1143 565 207 Eigenſchaften

227 1405 180 103 der
424 1386 465 97 Naturalien
923 1381 209 127 allein
1175 1398 103 96 zu
1288 1358 404 162 begnuͤgen.
1798 1340 180 163 Nur

216 1576 239 123 muß
501 1591 166 104 man
705 1583 223 109 unter
971 1540 357 173 ſpecieller
1339 1529 410 183 Geſchichte
1794 1537 268 125 keine

283 1734 181 170 bloſe
527 1714 303 176 trockne
844 1713 496 177 Regiſtratur
1378 1708 155 135 der
1547 1742 443 151 Gattungen

283 1947 150 83 und
445 1911 218 133 ihrer
676 1881 431 202 Charaktere
1154 1876 436 189 derſtehen.
1611 1921 184 93 Das
1828 1882 169 132 Lin⸗

283 2077 280 155 neiſche
578 2076 331 186 Syſtema
949 2097 343 183 Naturae
1329 2091 172 102 und
1526 2076 375 139 aͤnliche
1851 2072 52 154 J
1836 2122 150 130 In⸗

175 2278 512 117 ventarien
712 2252 322 154 unſrer
1068 2280 227 155 neuen
1365 2287 414 109 Fauniſten
1832 2296 148 79 und
2024 2269 75 142 U

264 2453 408 165 Floriſten
708 2485 224 104 haben
956 2480 189 151 ihre
1202 2424 288 186 großen
1528 2466 452 118 Verdienſte,

232 2680 227 105 aber
516 2643 144 116 wol
720 2647 414 167 ſchwerlich
1145 2648 246 116 Reiz
1394 2646 294 140 genug,
1758 2638 359 128 einen

293 2834 262 144 jungen
575 2815 401 160 Menſchen
1000 2799 607 156 aufzumuntern,
1634 2834 160 112 ſich
1842 2839 199 108 mit

294 3050 124 81 der
475 3009 286 175 Natur
791 3038 151 82 und
985 2998 131 171 der
1159 3023 87 96 K
1253 3018 285 160 entniß
1542 2996 230 133 ihrer
1806 2948 255 202 GOe

293 3191 270 240 ſcoyfe
606 3220 91 91 in
705 3203 246 134 etwas
975 3165 315 193 vertraut
1321 3179 98 140 zu
1433 3203 378 111 machen.
1856 3180 117 115 Es

1893 3368 163 119 iſt
